%% This BibTeX bibliography file was created using BibDesk.
%% http://bibdesk.sourceforge.net/


%% Created for Birgit Schlotter at 2013-03-24 18:50:08 +0100 


%% Saved with string encoding Unicode (UTF-8) 



@webpage{mannheim09,
	Author = {{Institut f{\"u}r Bildungs{\"o}konomie, Freie Hochschule Mannheim}},
	Date-Added = {2013-03-21 11:26:38 +0000},
	Date-Modified = {2013-03-21 11:38:55 +0000},
	Lastchecked = {21.03.2013},
	Title = {Zur wirtschaftlichen Lage der Freien Waldorfschulen in Deutschland},
	Url = {http://www.bildungsoekonomie-waldorf.de/pdfs/aktuelles/wirtschaftl-lage2009.pdf},
	Year = {2009},
	Bdsk-Url-1 = {http://www.bildungsoekonomie-waldorf.de/pdfs/aktuelles/wirtschaftl-lage2009.pdf}}

@webpage{roschk13,
	Author = {Steffen Roschk},
	Date-Added = {2013-03-19 15:40:06 +0000},
	Date-Modified = {2013-03-19 15:41:31 +0000},
	Lastchecked = {19.03.2013},
	Title = {Zitate Bauern},
	Url = {http://zitate.net/bauern.html},
	Year = {2013},
	Bdsk-Url-1 = {http://zitate.net/bauern.html}}

@book{randoll07,
	Author = {Heiner Barz AND Dirk Randoll},
	Date-Added = {2013-03-16 13:39:51 +0000},
	Date-Modified = {2013-03-16 13:46:09 +0000},
	Publisher = {VS Verlag f{\"u}r Sozialwissenschaften},
	Title = {Absolventen von Waldorfschulen: Eine empirische Studie zu Bildung und Lebensgestaltung},
	Volume = {2},
	Year = {2007}}

@booklet{barz11,
	Author = {Heiner Barz},
	Date-Added = {2013-03-16 10:55:03 +0000},
	Date-Modified = {2013-03-16 13:59:42 +0000},
	Lastchecked = {16.03.2013},
	Title = {Absolventen von Waldorfschulen},
	Url = {http://www.waldorf-absolventen.de},
	Year = {2011},
	Bdsk-Url-1 = {http://www.waldorf-absolventen.de}}

@webpage{alanus13,
	Author = {{Alanus Hochschule f{\"u}r Kunst und Gesellschaft}},
	Date-Added = {2013-03-14 15:03:09 +0000},
	Date-Modified = {2013-03-21 14:25:32 +0000},
	Lastchecked = {14.03.2013},
	Title = {Alanus Hochschule: Profil},
	Url = {http://www.alanus.edu/alanus-hochschule-philosophie.html?&L=0},
	Year = {2013},
	Bdsk-Url-1 = {http://www.alanus.edu/alanus-hochschule-philosophie.html?&L=0}}

@webpage{arp11,
	Author = {Doris Arp},
	Date-Added = {2013-03-14 11:44:00 +0000},
	Date-Modified = {2013-03-14 11:45:11 +0000},
	Lastchecked = {14.04.2013},
	Title = {Die Vermessung der Schulen},
	Url = {http://www.dradio.de/dlf/sendungen/studiozeit-ks/1578317/},
	Year = {2011},
	Bdsk-Url-1 = {http://www.dradio.de/dlf/sendungen/studiozeit-ks/1578317/}}

@webpage{kullak13,
	Author = {Henning Kullak-Ublick},
	Date-Added = {2013-03-12 14:38:00 +0000},
	Date-Modified = {2013-03-12 14:47:40 +0000},
	Lastchecked = {12.03.2013},
	Title = {Zeugnisspr{\"u}che Unterstufe},
	Url = {http://www.kullak-ublick.de/16.html#c45},
	Year = {2013},
	Bdsk-Url-1 = {http://www.kullak-ublick.de/16.html#c45}}

@webpage{waldorfschule13,
	Author = {{Waldorfschulverein Wendelstein e.V.}},
	Date-Added = {2013-03-12 13:18:36 +0000},
	Date-Modified = {2013-03-21 14:28:00 +0000},
	Lastchecked = {12.03.2013},
	Title = {Fachunterricht - Freie Waldorfschule Wendelstein},
	Url = {http://www.waldorfschule-wendelstein.de/text/schule/fachunterricht_0.html},
	Year = {2013},
	Bdsk-Url-1 = {http://www.waldorfschule-wendelstein.de/text/schule/fachunterricht_0.html}}

@booklet{steiner10,
	Address = {Online im Internet {\url{http://anthroposophie.byu.edu/vortraege/293.pdf}}},
	Author = {Rudolf Steiner},
	Date-Added = {2013-03-05 15:29:44 +0000},
	Date-Modified = {2013-03-21 15:30:00 +0000},
	Month = {Sichtung 05.03.2013},
	Title = {Allgemeine Menschenkunde als Grundlage der P{\"a}dagogik},
	Volume = {4},
	Year = {2010}}

@webpage{wikipedia2,
	Author = {wikipedia2},
	Date-Added = {2013-03-02 17:01:50 +0000},
	Date-Modified = {2013-03-21 14:45:40 +0000},
	Lastchecked = {02.03.2013},
	Title = {Waldorfschule},
	Url = {http://de.wikipedia.org/wiki/Waldorfschule},
	Year = {2013},
	Bdsk-Url-1 = {http://de.wikipedia.org/wiki/Waldorfschule}}

@booklet{Karl12,
	Address = {Online im Internet {\url{http://www.rudolf-steiner-handbuch.de/images/Handbuch_nur_Text2012.pdf}}},
	Author = {Christian Karl},
	Date-Added = {2013-03-01 17:15:19 +0000},
	Date-Modified = {2013-03-21 15:30:48 +0000},
	Month = {Sichtung 01.03.2013},
	Title = {Handbuch zum Werk Rudolf Steiners - Zweite, elektronische Auflage},
	Year = {2007-2012},
	Bdsk-Url-1 = {http://www.rudolf-steiner-handbuch.de/images/Handbuch_nur_Text2012.pdf}}

@webpage{wikipedia,
	Author = {wikipedia1},
	Date-Added = {2013-03-01 16:00:50 +0000},
	Date-Modified = {2013-03-21 14:45:35 +0000},
	Lastchecked = {26.02.2013},
	Title = {Rudolf Steiner},
	Url = {http://de.wikipedia.org/wiki/Rudolf_Steiner},
	Year = {2013},
	Bdsk-Url-1 = {http://de.wikipedia.org/wiki/Rudolf_Steiner}}

@incollection{frielingsdorf12,
	Author = {Rudolf Steiner},
	Booktitle = {Waldorfp{\"a}dagogik kontrovers},
	Date-Added = {2013-02-26 14:39:41 +0000},
	Date-Modified = {2013-03-14 14:02:27 +0000},
	Editor = {Volker Frielingsdorf},
	Publisher = {Beltz Juventa},
	Title = {Die p{\"a}dagogische Grundlage der Waldorfschule},
	Year = {2012}}

@book{limbrunner93,
	Author = {Alfons Limbrunner (Hrsg.)},
	Date-Added = {2013-02-26 14:37:39 +0000},
	Date-Modified = {2013-02-26 14:39:30 +0000},
	Publisher = {Beltz Verlag},
	Title = {Waldorf-Sozialarbeit: Praxis, Grundlagen und Methoden},
	Year = {1993}}

@book{schneider82,
	Author = {Peter Schneider},
	Date-Added = {2013-02-26 14:35:35 +0000},
	Date-Modified = {2013-02-26 14:37:28 +0000},
	Publisher = {Verlagsgemeinschaft Ernst Klett},
	Title = {Einf{\"u}hrung in die Waldorfp{\"a}dagogik},
	Year = {1982}}

@book{hemleben63,
	Author = {Johannes Hemleben},
	Date-Added = {2013-02-26 14:33:05 +0000},
	Date-Modified = {2013-03-01 15:30:36 +0000},
	Publisher = {Rowohlt Taschenbuch Verlag GmbH},
	Title = {Rudolf Steiner},
	Volume = {1},
	Year = {1963}}

@book{kiersch07,
	Author = {Johannes Kiersch},
	Date-Added = {2013-02-26 14:30:47 +0000},
	Date-Modified = {2013-02-26 14:32:51 +0000},
	Publisher = {Verlag Freies Geistesleben},
	Title = {Die Waldorfp{\"a}dagogik - Eine Einf{\"u}hrung in die P{\"a}dagogik Rudolf Steiners},
	Volume = {11},
	Year = {2007}}

@webpage{steiner,
	Author = {Christian Grauer},
	Date-Added = {2013-02-26 12:07:11 +0000},
	Date-Modified = {2013-03-21 14:41:23 +0000},
	Lastchecked = {26.02.2013},
	Title = {Kurzbiographie Rudolf Steiner},
	Url = {http://www.rudolf-steiner.de/s9y/index.php?/archives/6-Kurzbiographie.html},
	Year = {2007},
	Bdsk-Url-1 = {http://www.rudolf-steiner.de/s9y/index.php?/archives/6-Kurzbiographie.html}}

@incollection{paschen10,
	Author = {Dirk Randoll},
	Booktitle = {Erziehungswissenschaftliche Zug{\"a}nge zur Waldorfp{\"a}dagogik},
	Date-Added = {2013-02-26 12:01:34 +0000},
	Date-Modified = {2013-03-24 17:50:08 +0000},
	Editor = {Harm Paschen},
	Publisher = {VS Verlag f{\"u}r Sozialwissenschaften},
	Title = {Empirische Forschung und Waldorfp{\"a}dagogik},
	Year = {2010}}

@book{geuenich09,
	Author = {Stephan Geuenich},
	Date-Added = {2013-02-24 14:42:39 +0000},
	Date-Modified = {2013-02-26 14:42:49 +0000},
	Publisher = {Lit Verlag, Berlin},
	Title = {Die Waldforp{\"a}dagogik im 21. Jahrhundert},
	Volume = {1},
	Year = {2009}}
